
@book{joseph_understanding_2015,
	title = {Understanding the {ROS} file system level - {Mastering} {ROS} for {Robotics} {Programming}},
	isbn = {978-1-78355-179-8},
	url = {https://subscription.packtpub.com/book/hardware_and_creative/9781783551798/1/ch01lvl1sec11/understanding-the-ros-file-system-level},
	abstract = {Similar to an operating system, ROS files are also organized on the hard disk in a particular fashion.},
	language = {en},
	urldate = {2020-05-08},
	author = {Joseph, Lentin},
	month = dec,
	year = {2015},
	file = {Snapshot:/home/legoboost/Zotero/storage/HLYZ7VEH/understanding-the-ros-file-system-level.html:text/html}
}

@misc{przybyla_tysikobstacle_detector_2020,
	title = {tysik/obstacle\_detector},
	url = {https://github.com/tysik/obstacle_detector},
	abstract = {A ROS package for 2D obstacle detection based on laser range data.},
	urldate = {2020-05-21},
	author = {Przybyla, Mateusz},
	month = may,
	year = {2020},
	note = {original-date: 2017-06-27T15:25:29Z}
}

@book{joseph_mastering_2015,
	title = {Mastering {ROS} for {Robotics} {Programming}},
	isbn = {978-1-78355-179-8},
	url = {https://www.packtpub.com/hardware-and-creative/mastering-ros-robotics-programming},
	publisher = {Packt Publishing},
	author = {Joseph, Lentin},
	editor = {Publishing, Packt},
	month = dec,
	year = {2015}
}

@misc{foote_laser_filters_nodate,
	title = {laser\_filters - {ROS} {Wiki}},
	url = {http://wiki.ros.org/laser_filters},
	urldate = {2020-04-21},
	author = {Foote, Tully},
	file = {laser_filters - ROS Wiki:/home/legoboost/Zotero/storage/G77PLBGF/laser_filters.html:text/html}
}

@misc{conley_nodes_nodate,
	title = {Nodes - {ROS} {Wiki}},
	url = {http://wiki.ros.org/Nodes},
	urldate = {2020-05-22},
	author = {Conley, Ken},
	file = {Nodes - ROS Wiki:/home/legoboost/Zotero/storage/MGY6BT6M/Nodes.html:text/html}
}

@book{joseph_learning_2018,
	title = {Learning {Robotics} using {Python} - {Second} {Edition}},
	isbn = {978-1-78862-331-5},
	url = {https://subscription.packtpub.com/book/hardware_and_creative/9781788623315/1/ch01lvl1sec11/introduction-to-ros},
	abstract = {ROS is a software framework used for creating robotic applications.},
	language = {en},
	urldate = {2020-05-22},
	author = {Joseph, Lentin},
	month = jun,
	year = {2018},
	file = {Snapshot:/home/legoboost/Zotero/storage/LXHSMX8L/introduction-to-ros.html:text/html}
}

@misc{noauthor_mecabrickscom_nodate,
	title = {Mecabricks.com},
	url = {https://www.mecabricks.com/en/},
	urldate = {2020-05-22},
	file = {Mecabricks.com:/home/legoboost/Zotero/storage/RK7FWDXV/en.html:text/html}
}

@misc{noauthor_rep_nodate,
	title = {{REP} 120 -- {Coordinate} {Frames} for {Humanoid} {Robots} ({ROS}.org)},
	url = {https://www.ros.org/reps/rep-0120.html#base-footprint},
	urldate = {2020-05-23},
	file = {REP 120 -- Coordinate Frames for Humanoid Robots (ROS.org):/home/legoboost/Zotero/storage/WSGD3F65/rep-0120.html:text/html}
}

@misc{noauthor_urdfxmljoint_nodate,
	title = {urdf/{XML}/joint - {ROS} {Wiki}},
	url = {http://wiki.ros.org/urdf/XML/joint},
	urldate = {2020-05-23},
	file = {urdf/XML/joint - ROS Wiki:/home/legoboost/Zotero/storage/BKC2TRN6/joint.html:text/html}
}

@inproceedings{przybyla_detection_2017,
	title = {Detection and tracking of {2D} geometric obstacles from {LRF} data},
	doi = {10.1109/RoMoCo.2017.8003904},
	abstract = {This work proposes a method for detection and tracking of local geometrical obstacles from sequences of two-dimensional range scans. Detected obstacles are represented with linear or circular models. Circular obstacles are subject to tracking algorithm based on Kalman filter. Solutions to both the correspondence and the update problem of the tracking system are provided. The occurence of obstacles fusion or fission is defined and addressed. A by-product of the system is the information on tracked obstacles velocity. The algorithm is dedicated to wheeled mobile robots with mounted planar laser range finders.},
	booktitle = {2017 11th {International} {Workshop} on {Robot} {Motion} and {Control} ({RoMoCo})},
	author = {Przyby≈Ça, Mateusz},
	month = jul,
	year = {2017},
	keywords = {2D geometric obstacle detection, 2D geometric obstacle tracking, Collision avoidance, Computational modeling, Geometry, image filtering, Kalman filter, Kalman filters, laser ranging, LRF data, mobile robots, Mobile robots, mounted planar laser range finders, object detection, object tracking, obstacles fission, obstacles fusion, optical tracking, Robot sensing systems, tracked obstacles velocity, tracking algorithm, Two dimensional displays, wheeled mobile robots},
	pages = {135--141},
	file = {IEEE Xplore Abstract Record:/home/legoboost/Zotero/storage/66PGI5K2/8003904.html:text/html}
}

@misc{noauthor_sensor_msgslaserscan_nodate,
	title = {sensor\_msgs/{LaserScan} {Documentation}},
	url = {http://docs.ros.org/melodic/api/sensor_msgs/html/msg/LaserScan.html},
	urldate = {2020-05-26},
	file = {sensor_msgs/LaserScan Documentation:/home/legoboost/Zotero/storage/5RUDKG59/LaserScan.html:text/html}
}
